@book{queffelec2017Complexe,
  author = {Hervé Queffélec y Martine Queffélec},
  title = {Analyse complexe et applications},
  year = {2017},
  publisher = {Calvage  Mounet}
}
